<record><leader>00000cas a22000007a 4500</leader><controlfield tag="001">10097723</controlfield><controlfield tag="008">831105d18811976nyudn ne      0    0eng d</controlfield><controlfield tag="009">3781</controlfield><datafield ind1=" " ind2=" " tag="010"><subfield code="a">sn 83031997 </subfield></datafield><datafield ind1=" " ind2=" " tag="040"><subfield code="a">NPU</subfield><subfield code="b">eng</subfield><subfield code="c">NPU</subfield><subfield code="d">NPX</subfield><subfield code="d">DLC</subfield><subfield code="d">NYS</subfield><subfield code="d">NYG</subfield><subfield code="d">NYS</subfield><subfield code="d">OCLCQ</subfield></datafield><datafield ind1="1" ind2=" " tag="029"><subfield code="a">AU@</subfield><subfield code="b">000024692363</subfield></datafield><datafield ind1=" " ind2=" " tag="042"><subfield code="a">msc</subfield></datafield><datafield ind1="0" ind2=" " tag="130"><subfield code="a">Rome daily sentinel (Rome, N.Y. : 1881)</subfield></datafield><datafield ind1="0" ind2="0" tag="245"><subfield code="a">Rome daily sentinel.</subfield></datafield><datafield ind1=" " ind2=" " tag="260"><subfield code="a">Rome, N.Y. :</subfield><subfield code="b">Beers &amp; Kessinger,</subfield><subfield code="c">1881-1976.</subfield></datafield><datafield ind1=" " ind2=" " tag="300"><subfield code="a">86 v. :</subfield><subfield code="b">ill. ;</subfield><subfield code="c">58 cm.</subfield></datafield><datafield ind1=" " ind2=" " tag="310"><subfield code="a">Daily (except Sunday)</subfield></datafield><datafield ind1="0" ind2=" " tag="362"><subfield code="a">Vol. 10, no. 1 (Dec. 19, 1881)-v. 95 (May 4, 1976).</subfield></datafield><datafield ind1=" " ind2=" " tag="500"><subfield code="a">Publishers: Beers &amp; Kessinger, 1881-&lt;1893&gt;; Rome Sentinel Co., &lt;1896&gt;-1976.</subfield></datafield><datafield ind1=" " ind2=" " tag="500"><subfield code="a">Special sesquicentennial ed. issued: Aug. 6, 1927.</subfield></datafield><datafield ind1=" " ind2=" " tag="580"><subfield code="a">Other ed.: Rome sentinel (Rome, N.Y. : 1861); published weekly 1881-1888, published semiweekly 1888-&lt;1916&gt;.</subfield></datafield><datafield ind1=" " ind2="4" tag="651"><subfield code="a">Rome (N.Y.)</subfield><subfield code="v">Newspapers.</subfield></datafield><datafield ind1=" " ind2=" " tag="752"><subfield code="a">United States</subfield><subfield code="b">New York</subfield><subfield code="c">Oneida</subfield><subfield code="d">Rome.</subfield></datafield><datafield ind1="1" ind2=" " tag="775"><subfield code="t">Rome sentinel (Rome, N.Y. : 1861)</subfield><subfield code="w">(DLC)sn 91066950</subfield><subfield code="w">(OCoLC)24640662</subfield></datafield><datafield ind1="0" ind2="0" tag="785"><subfield code="t">Daily sentinel (Rome, N.Y. : 1976)</subfield><subfield code="w">(DLC)sn 86071824</subfield><subfield code="w">(OCoLC)14082459</subfield></datafield></record>